
@misc{china_too_many,
  title        = {{China is building too many electric cars.}},
  howpublished = {\url{https://insideevs.com/china-too-many-electric-cars/amp/}},
  note         = {Accessed: 2019-01-19}
}

@book{probrobotics,
  title     = {Probabalistic Robotics},
  subtitle  = {},
  author    = {Sebastian Thrun, Wolfram Burgard, Dieter Fox},
  year      = {2005},
  publisher = {The MIT Press; 1st edition}
}

@article{9179124,
  author  = {},
  journal = {IEEE Std 802.15.4z-2020 (Amendment to IEEE Std 802.15.4-2020)},
  title   = {{IEEE} Standard for Low-Rate Wireless Networks--Amendment 1: Enhanced Ultra Wideband (UWB) Physical Layers (PHYs) and Associated Ranging Techniques},
  year    = {2020},
  volume  = {},
  number  = {},
  pages   = {1-174},
  doi     = {10.1109/IEEESTD.2020.9179124}
}

@article{rssi-curves,
  author  = {Sadowski, Sebastian and Spachos, Petros},
  journal = {IEEE Access},
  title   = {RSSI-Based Indoor Localization With the Internet of Things},
  year    = {2018},
  volume  = {6},
  number  = {},
  pages   = {30149-30161},
  doi     = {10.1109/ACCESS.2018.2843325}
}

@article{welch1995introduction,
  title     = {An introduction to the {K}alman filter},
  author    = {Welch, Greg and Bishop, Gary and others},
  year      = {1995},
  publisher = {Chapel Hill, NC, USA}
}